@article{mnih2015human,
  title={Human-level control through deep reinforcement learning},
  author={Mnih, Volodymyr and Kavukcuoglu, Koray and Silver, David and Rusu, Andrei A and Veness, Joel and Bellemare, Marc G and Graves, Alex and Riedmiller, Martin and Fidjeland, Andreas K and Ostrovski, Georg and others},
  journal={Nature},
  volume={518},
  number={7540},
  pages={529--533},
  year={2015},
  publisher={Nature Publishing Group}
}

@inproceedings{hessel2018rainbow,
  title={Rainbow: Combining improvements in deep reinforcement learning},
  author={Hessel, Matteo and Modayil, Joseph and Van Hasselt, Hado and Schaul, Tom and Ostrovski, Georg and Dabney, Will and Horgan, Dan and Piot, Bilal and Azar, Mohammad G and Silver, David},
  booktitle={Proceedings of the AAAI Conference on Artificial Intelligence},
  volume={32},
  number={1},
  year={2018}
}

@inproceedings{schulman2017proximal,
  title={Proximal policy optimization algorithms},
  author={Schulman, John and Wolski, Filip and Dhariwal, Prafulla and Radford, Alec and Klimov, Oleg},
  booktitle={arXiv preprint arXiv:1707.06347},
  year={2017}
}

@article{ale,
  title={The Arcade Learning Environment: An Evaluation Platform for General Agents},
  author={Bellemare, Marc G and Naddaf, Yavar and Veness, Joel and Bowling, Michael},
  journal={Journal of Artificial Intelligence Research},
  volume={47},
  pages={253--279},
  year={2013},
  publisher={AI Access Foundation}
}

@inproceedings{pieters2016monte,
  title={Monte Carlo Tree Search for the Ms. Pac-Man Competition},
  author={Pieters, Roel and Bakkes, Sander},
  booktitle={2016 IEEE Conference on Computational Intelligence and Games (CIG)},
  pages={1--8},
  year={2016},
  organization={IEEE},
  doi={10.1109/CIG.2016.7860391}
}

@inproceedings{zhang2020investigation,
  title={An investigation of model-free planning},
  author={Zhang, Amy and Ballard, Andrew and Zahavy, Tom and Xu, Huan and Pineau, Joelle and Bellemare, Marc G},
  booktitle={International Conference on Learning Representations (ICLR)},
  year={2020}
}

@inproceedings{toromanoff2019deep,
  title={Deep reinforcement learning with attention for slate Markov decision processes with high-dimensional states and actions},
  author={Toromanoff, Mikael and Lazaric, Alessandro and Pietquin, Olivier},
  booktitle={International Conference on Machine Learning (ICML)},
  year={2019}
}